<?xml version="1.0" encoding="UTF-8"?><collection xmlns="http://www.loc.gov/MARC21/slim"><record><leader>00547nam--2200217-u-4500</leader><controlfield tag="001">000050341</controlfield><controlfield tag="002">20161230</controlfield><controlfield tag="003">81645</controlfield><controlfield tag="005">20161230201048</controlfield><controlfield tag="008">070111s1000------------r-----000-0-eng-d</controlfield><datafield ind1=" " ind2=" " tag="020"><subfield code="a">0-19-85370-9</subfield></datafield><datafield ind1=" " ind2=" " tag="040"><subfield code="a">IFIN-HH</subfield></datafield><datafield ind1=" " ind2=" " tag="041"><subfield code="a">eng</subfield></datafield><datafield ind1=" " ind2=" " tag="080"><subfield code="a">51-7</subfield></datafield><datafield ind1="1" ind2=" " tag="100"><subfield code="a">Chandrasekhar,S</subfield></datafield><datafield ind1="1" ind2="0" tag="245"><subfield code="a">The mathematical theory of black holes</subfield></datafield><datafield ind1=" " ind2=" " tag="260"><subfield code="a">Oxford</subfield><subfield code="b">Oxford University Press</subfield><subfield code="c">2009</subfield></datafield><datafield ind1=" " ind2=" " tag="300"><subfield code="a">646 p</subfield></datafield><datafield ind1=" " ind2=" " tag="490"><subfield code="a">Oxford Classic Texts In The Physical Sciences</subfield></datafield><datafield ind1=" " ind2=" " tag="852"><subfield code="c">530.12</subfield></datafield><datafield ind1=" " ind2=" " tag="CAT"><subfield code="a">Sys</subfield><subfield code="c">20150610</subfield><subfield code="h">124116</subfield></datafield></record></collection>